@Manual{R-base,
  title = {R: A Language and Environment for Statistical Computing},
  author = {{R Core Team}},
  organization = {R Foundation for Statistical Computing},
  address = {Vienna, Austria},
  year = {2021},
  url = {https://www.R-project.org/},
}

@Manual{R-fungarium,
  title = {fungarium: An R package for enabling the use of fungaria collections data
in comprehensive trait analyses},
  author = {Hunter Simpson},
  year = {2021},
  note = {R package version 1.1.3},
}

@Manual{R-ggplot2,
  title = {ggplot2: Create Elegant Data Visualisations Using the Grammar of Graphics},
  author = {Hadley Wickham and Winston Chang and Lionel Henry and Thomas Lin Pedersen and Kohske Takahashi and Claus Wilke and Kara Woo and Hiroaki Yutani and Dewey Dunnington},
  year = {2021},
  note = {R package version 3.3.5},
  url = {https://CRAN.R-project.org/package=ggplot2},
}

@Manual{R-ggtree,
  title = {ggtree: an R package for visualization of tree and annotation data},
  author = {Guangchuang Yu and Tommy Tsan-Yuk Lam and Shuangbin Xu},
  year = {2021},
  note = {https://yulab-smu.top/treedata-book/ (book)},
}

@Article{fungarium2021,
  title = {Using aggregated field collection data and the novel R package FUNGARIUM to investigate fungal fire association},
  author = {H.J. Simpson and J.S. Schilling},
  journal = {Mycologia},
  year = {2021},
}

@Book{ggplot22016,
  author = {Hadley Wickham},
  title = {ggplot2: Elegant Graphics for Data Analysis},
  publisher = {Springer-Verlag New York},
  year = {2016},
  isbn = {978-3-319-24277-4},
  url = {https://ggplot2.tidyverse.org},
}

@Article{ggtree2020,
  title = {Using ggtree to Visualize Data on Tree-Like Structures},
  author = {Guangchuang Yu},
  year = {2020},
  journal = {Current Protocols in Bioinformatics},
  volume = {69},
  pages = {e96},
  number = {1},
  url = {https://currentprotocols.onlinelibrary.wiley.com/doi/abs/10.1002/cpbi.96},
  doi = {10.1002/cpbi.96},
}

@Article{ggtree2018,
  title = {Two methods for mapping and visualizing associated data on phylogeny using ggtree.},
  author = {Guangchuang Yu and Tommy Tsan-Yuk Lam and Huachen Zhu and Yi Guan},
  year = {2018},
  journal = {Molecular Biology and Evolution},
  volume = {35},
  issue = {2},
  pages = {3041-3043},
  doi = {10.1093/molbev/msy194},
  url = {https://academic.oup.com/mbe/article/35/12/3041/5142656},
}

@Article{ggtree2017,
  title = {ggtree: an R package for visualization and annotation of phylogenetic trees with their covariates and other associated data.},
  author = {Guangchuang Yu and David Smith and Huachen Zhu and Yi Guan and Tommy Tsan-Yuk Lam},
  year = {2017},
  journal = {Methods in Ecology and Evolution},
  volume = {8},
  issue = {1},
  pages = {28-36},
  doi = {10.1111/2041-210X.12628},
  url = {http://onlinelibrary.wiley.com/doi/10.1111/2041-210X.12628/abstract},
}

